@manual{CPL,
 title =      "CPL home page",
 author="",
 organization= "ESO/SDD/DFS",
 address="\http{www.eso.org/cpl/}",
 edition="",
 month="",
 year="",
 note="",
 key=""
} 

@manual{ESOREX,
 title =      "ESOREX home page",
 author="",
 organization= "ESO/SDD/DFS",
 address="\http{www.eso.org/cpl/esorex.html}",
 edition="",
 month="",
 year="",
 note="",
 key=""
} 

@manual{VLT1233,
 title =      "VLT Data Flow System Specifications for Pipeline and Quality Control",
 author="",
 organization= "ESO",
 address="",
 edition="",
 month="",
 year="",
 note="{VLT-SPE-ESO-19600-1233}",
 key=""
} 

@manual{VLT1619,
 title =      "DFS Pipeline \& Quality Control -- User Manual",
 author="",
 organization= "ESO/SDD/DFS",
 address="",
 edition="",
 month="",
 year="",
 note="{VLT-MAN-ESO-19500-1619}",
 key=""
} 

@manual{DICB,
 title =      "ESO DICB -- Data Interface Control Document",
 author="",
 organization= "ESO/DMO",
 address="",
 edition="",
 month="",
 year="",
 note="{GEN-SPE-ESO-19400-0794 (3.0)}",
 key=""
} 

@manual{CPLMAN,
 title =      "Common Pipeline Library User Manual",
 author="",
 organization= "ESO/SDD/DFS",
 address="\http{www.eso.org/observing/cpl/download.html}",
 edition="",
 month="",
 year="",
 note="{VLT-MAN-ESO-19500-2720}",
 key=""
} 

@manual{GASMAN,
 title =      "Gasgano User's Manual",
 author="",
 organization= "ESO/SDD/DFS",
 address="\http{www.eso.org/gasgano/}",
 edition="",
 month="",
 year="",
 note="{VLT-PRO-ESO-19000-1932}",
 key=""
} 

@manual{REFLEXMAN,
 title =      "Reflex User's Manual",
 author="Forch\`i V.",
 organization= "ESO/SDD/DFS",
 address="\http{www.eso.org/gasgano/}",
 edition="0.7",
 month="",
 year="2012",
 note="{VLT-MAN-ESO-19000-5037}",
 key=""
} 

@Article{Maritz-Jarrett1978,
  author = 	 {Maritz, J. S. and Jarrett, R. G.},
  title = 	 {A Note on Estimating the Variance of the Sample Median},
  journal = 	 {Journ.\ Am.\ Stat.\ Assoc.},
  year = 	 1978,
  volume = 	 73,
  pages = 	 {194--196},
  month = 	 {mar}}
@Article{Rider1960,
  author = 	 {Rider, Paul R.},
  title = 	 {Variance of the Median of Small Samples from Several
                  Special Populations},
  journal = 	 {Journ.\ Am.\ Stat.\ Assoc.},
  year = 	 1960,
  volume = 	 55,
  pages = 	 {148--150},
  month = 	 {mar}}
@Article{vanDokkum2001,
  author = 	 {van Dokkum, P. G.},
  title = 	 {Cosmic-Ray Rejection by Laplacian Edge Detection},
  journal = 	 {PASP},
  year = 	 2001,
  volume = 	 113,
  pages = 	 {1420--1427},
  month = 	 {nov}}

@Book{Dasgupta2008,
  author = 	 {DasGupta, Anirban},
  title = 	 {Asymptotic Theory of Statistics and Probability},
  publisher = 	 {Springer},
  year = 	 2008,
  address = 	 {New York}}

@ARTICLE{Irwin85,
   author = {{Irwin}, M.~J.},
    title = "{Automatic analysis of crowded fields}",
  journal = {Monthly Notices of the Royal Astronomical Society},
 keywords = {Astronomical Photometry, Automation, Background Radiation, Image Analysis, Parameter Identification, Computer Techniques, Data Reduction, Globular Clusters, Maximum Likelihood Estimates, Signal Detection, Sky Radiation},
     year = 1985,
    month = jun,
   volume = 214,
    pages = {575-604},
      doi = {10.1093/mnras/214.4.575},
   adsurl = {http://esoads.eso.org/abs/1985MNRAS.214..575I},
  adsnote = {Provided by the SAO/NASA Astrophysics Data System}
}

@ARTICLE{Hamuy+94,
   author = {{Hamuy}, M. and {Suntzeff}, N.~B. and {Heathcote}, S.~R. and 
	{Walker}, A.~R. and {Gigoux}, P. and {Phillips}, M.~M.},
    title = "{Southern spectrophotometric standards, 2}",
  journal = {Publications of the Astronomical Society of the Pacific},
 keywords = {Astronomical Photometry, Calibrating, Flux Density, Infrared Spectra, Southern Hemisphere, Spectrophotometry, Visible Spectrum, Charge Coupled Devices, Computational Grids, Data Reduction, Northern Hemisphere, Spectral Energy Distribution, Spectrographs, Stellar Magnitude, Telescopes, Ultraviolet Spectra},
     year = 1994,
    month = jun,
   volume = 106,
    pages = {566-589},
      doi = {10.1086/133417},
   adsurl = {http://esoads.eso.org/abs/1994PASP..106..566H},
  adsnote = {Provided by the SAO/NASA Astrophysics Data System}
}

@ARTICLE{Hamuy+92,
   author = {{Hamuy}, M. and {Walker}, A.~R. and {Suntzeff}, N.~B. and {Gigoux}, P. and 
	{Heathcote}, S.~R. and {Phillips}, M.~M.},
    title = "{Southern spectrophotometric standards.}",
  journal = {Publications of the Astronomical Society of the Pacific},
 keywords = {Astrometry, Astronomical Photometry, Astronomical Spectroscopy, Southern Sky, Stellar Spectrophotometry, Calibrating, Charge Coupled Devices, Spectral Bands, Spectral Energy Distribution, Spectrographs, Stellar Magnitude},
     year = 1992,
    month = jul,
   volume = 104,
    pages = {533-552},
      doi = {10.1086/133028},
   adsurl = {http://esoads.eso.org/abs/1992PASP..104..533H},
  adsnote = {Provided by the SAO/NASA Astrophysics Data System}
}

@ARTICLE{Neeser2019,
   author = {Neeser, M. and Piqueras, L. and Gabasch, A},
    title = "{Interpolation Algorithms and Sub-Pixel Regridding for the High-Level Data Reduction Library (HDRL).}",
  journal = {Science Data Products Board Proposal},
     year = 2019,
    month = May
}

@ARTICLE{harmoni,
   author = {F. Clarke and N. Thatte and M. Tecza and I. Bryson and H. Schetler and T. Fusco and J.-F. Sauvage and B. Neichel and S. Ramsay and P. Hammersley and J. Vernet and S. Egner},
    title = "{HARMONI Technical Specification}",
  journal = {ESO-257872},
     year = 2019,
    month = July
}

@manual{Madsen2016,
 title =      "HAWK-I Pipeline User Manual",
 author="Madsen, G.",
 organization= "ESO/SDD/DFS",
 address="",
 edition="",
 month="February",
 year="2016",
 note="",
 key=""
}

@ARTICLE{bertin,
       author = {Bertin, E. and Arnouts, S.},
        title = "{SExtractor: Software for source extraction.}",
      journal = {Astronomy and Astrophysics, Supplement},
     keywords = {METHODS: DATA ANALYSIS, TECHNIQUES: IMAGE PROCESSING, GALAXIES: PHOTOMETRY},
         year = 1996,
        month = jun,
       volume = {117},
        pages = {393-404},
          doi = {10.1051/aas:1996164},
       adsurl = {https://ui.adsabs.harvard.edu/abs/1996A&AS..117..393B},
      adsnote = {Provided by the SAO/NASA Astrophysics Data System}
}











